@Article{can21:egg,
  author = 	 {Cantalapiedra, C. P. and Hernandez-Plaza, A. and Letunic, I. and Bork, P. and Huerta-Cepas, J.},
  title = 	 {eggNOG-mapper v2: functional annotation, orthology assignments, and domain prediction at the metagenomic scale},
  journal = 	 {Molecular Biology and Evolution},
  year = 	 2021,
  volume = 	 38,
  pages = 	 {5825–-5829}}

@Article{hue19:egg,
  author = 	 {Huerta-Cepas, J. and Szklarczyk, D. and Heller, D. and Hernández-Plaza, A. and Forslund, S. F. and Cook, H. and Mende, D. R. and Letunic, I. and Rattei, T. and Jensen, L. J. and von Mering, C. and Bork, P.},
  title = 	 {eggNOG 5.0: a hierarchical, functionally and phylogenetically annotated orthology resource based on 5090 organisms and 2502 viruses},
  journal = 	 {Nucleic Acids Research},
  year = 	 2019,
  volume = 	 {47:D309--314}}

@Article{pir19:hig,
  author = 	 {Pirogov, A. and Pfaffelhuber, P. and B\"orsch-Haubold, A. G. and Haubold, B.},
  title = 	 {High-complexity regions in mammalian genomes are enriched for developmental genes},
  journal = {Bioinformatics},
  volume = 35,
  year = 2019,
  pages = {1813--1819}
}

@Article{hau09:est,
  author = 	 {Haubold, B. and Pfaffelhuber, P. and Domazet-Lo\v{s}o, M. and Wiehe, T.},
  title = 	 {Estimating Mutation Distances from Unaligned Genomes},
  journal = 	 {Journal of Computational Biology},
  year = 	 2009,
  volume = 	 {16},
  pages =        {1487--1500}
}
